% This file was created with JabRef 2.10.
% Encoding: UTF8

@book{garrett2010elements,
  title={The elements of user experience: user-centered design for the web and beyond},
  author={Garrett, Jesse James},
  year={2010},
  publisher={New Riders}
}

@book{liddle2013design,
  title={Designing interfaces},
  author={Liddle, Jennifer Tidwell},
  year={2013},
  publisher={O'Reilly Media, Inc.}
}

@book{nielsen2012usability,
  title={Usability engineering},
  author={Nielsen, Jakob},
  year={2012},
  publisher={Morgan Kaufmann}
}

@book{ellis2015coders,
  title={Coders at work: Reflections on the craft of programming},
  author={Ellis, Peter Seibel},
  year={2015},
  publisher={Apress}
}

@article{moresi2003metodologia,
  title={Metodologia da Pesquisa. 2003. 108 f},
  author={MORESI, Eduardo},
  journal={Trabalho Cient{\'\i}fico (Especializa{\c{c}}{\~a}o em Gest{\~a}o do Conhecimento e Tecnologia da Informa{\c{c}}{\~a}o) Universidade Cat{\'o}lica de Bras{\'\i}lia},
  year={2003}
}

@article{ramires2019,
  title={Ciberespaço e patrimônio cultural digital},
  author={Ramires, J.},
  journal={PatryTer},
  volume={2},
  number={3},
  pages={1--19},
  year={2019},
  doi={10.26512/PATRYTER.V2I3.22109},
  url={https://dx.doi.org/10.26512/PATRYTER.V2I3.22109}
}

@article{gomes2009,
  title={A Contribuição dos Eventos Culturais para a Promoção Turística de Teresina-Piauí},
  author={Gomes, Â. and Lima, A. A. D. and Santos, Denisiane Tavares and Ferreira, R. C.},
  journal={Revista Brasileira de Cultura e Turismo},
  year={2009},
  volume={3},
  number={2},
  pages={110--125},
  url={}
}

@inproceedings{xiong2019,
  title={Research on Art Education Digital Platform Based on Big Data},
  author={Zhen Xiong, Lin Zhi, Jie Jiang},
  booktitle={Proceedings of the 2019 5th International Conference on Big Data Analysis (ICBDA)},
  pages={415-421},
  year={2019},
  doi={10.1109/ICBDA.2019.8712837},
  url={https://dx.doi.org/10.1109/ICBDA.2019.8712837}
}

@article{lu2023,
  title={Application of Technology and Digital Innovation in European Arts and Cultural Management},
  author={Minwen Lu},
  journal={Journal of Research in Social Science and Humanities},
  volume={1},
  number={11},
  pages={45-58},
  year={2023},
  doi={10.56397/jrssh.2023.11.06},
  url={https://dx.doi.org/10.56397/jrssh.2023.11.06}
}

@article{costa2011,
  title={A causa coletiva: políticas públicas culturais para o cenário das redes sob a perspectiva da ecologia digital (a experiência brasileira)},
  author={Eliane Costa},
  journal={Cadernos Cenpec},
  year={2011},
  volume={1},
  number={1},
  pages={41--56},
  doi={10.18676/CADERNOSCENPEC.V1I1.41},
  url={https://dx.doi.org/10.18676/CADERNOSCENPEC.V1I1.41}
}

@misc{W3C,
    title = {HTML and CSS Basics},
    year = {2014},
    url = {https://www.w3.org/standards/webdesign/accessibility},
    note = {Accessed: 15 set. 2024}
}

@book{Haverbeke2014,
    author = {Haverbeke, Marijn},
    title = {Eloquent JavaScript: A Modern Introduction to Programming},
    edition = {2},
    publisher = {No Starch Press},
    year = {2014}
}

@book{Baker2013,
    author = {Baker, Andrew},
    title = {Content Management Systems: A Complete Guide},
    edition = {1},
    publisher = {Wiley},
    year = {2013}
}

@misc{WagtailCRX,
    title = {Wagtail CRX},
    year = {2018},
    url = {https://docs.coderedcorp.com/wagtail-crx/},
    note = {Acesso: 15 set. 2024}
}

@misc{Wagtail,
    title = {Wagtail CMS Documentation},
    year = {2015},
    url = {https://wagtail.io/docs/},
    note = {Acesso: 15 set. 2024}
}

@misc{React,
    title = {React Framework Documentation},
    year = {2013},
    url = {https://react.dev/reference/react},
    note = {Acesso: 15 set. 2024}
}

@book{canavan2011cms,
  title={CMS Security Handbook: The Comprehensive Guide for WordPress, Joomla, Drupal, and Plone},
  author={Canavan, Tom},
  year={2011},
  publisher={John Wiley and Sons}
}

@misc{DjangoCSRF,
    title = {Django Framework Documentation},
    year = {2024},
    url = {https://docs.djangoproject.com/en/5.1/ref/csrf/},
    note = {Acesso: 15 set. 2024}
}

@article{ghimire2020comparative,
  title={Comparative study on Python web frameworks: Flask and Django},
  author={Ghimire, Devndra},
  year={2020}
}

@misc{WagtailCRXSEO,
    title = {Wagtail CRX SEO Metadata},
    year = {2018},
    url = {https://docs.coderedcorp.com/wagtail-crx/getting_started/tutorial09.html},
    note = {Acesso: 15 set. 2024}
}

@misc{wcag2020,
  author = {World Wide Web Consortium},
  title = {Web Content Accessibility Guidelines (WCAG) 2.1},
  year = {2020},
  url = {https://www.w3.org/TR/WCAG21/},
  note = {Acesso em: 15 set. 2024}
}
@article{rodrigues2008acessibilidade,
  title={Acessibilidade e usabilidade na web},
  author={Rodrigues, Mayara Barbosa and Becher, Andersown},
  journal={Mato Grosso Digital/SUCESU-MT},
  year={2008}
}

@article{islam2016towards,
  title={Towards user--intuitive web interface sign design and evaluation: A semiotic framework},
  author={Islam, Muhammad Nazrul and Bouwman, Harry},
  journal={International Journal of Human-Computer Studies},
  volume={86},
  pages={121--137},
  year={2016},
  publisher={Elsevier}
}

@article{li2021comprehensive,
  title={A comprehensive review study of cyber-attacks and cyber security; Emerging trends and recent developments},
  author={Li, Yuchong and Liu, Qinghui},
  journal={Energy Reports},
  volume={7},
  pages={8176--8186},
  year={2021},
  publisher={Elsevier}
}

@inproceedings{baykara2018overview,
  title={An overview of monitoring tools for real-time cyber-attacks},
  author={Baykara, Muhammet and Gurturk, Ugur and Das, Resul},
  booktitle={2018 6th International Symposium on Digital Forensic and Security (ISDFS)},
  pages={1--6},
  year={2018},
  organization={IEEE}
}
@article{schneider2003least,
  title={Least privilege and more [computer security]},
  author={Schneider, Fred B},
  journal={IEEE Security \& Privacy},
  volume={1},
  number={5},
  pages={55--59},
  year={2003},
  publisher={IEEE}
}

@article{boud2003learning,
  title={Learning from others at work: communities of practice and informal learning},
  author={Boud, David and Middleton, Heather},
  journal={Journal of workplace learning},
  volume={15},
  number={5},
  pages={194--202},
  year={2003},
  publisher={MCB UP Ltd}
}
@article{almeida2017role,
  title={The Role of Responsive Design in Web Development.},
  author={Almeida, Fernando and Monteiro, Jos{\'e}},
  journal={Webology},
  volume={14},
  number={2},
  year={2017}
}